@article{multimodal-review,
  title    = {A review of multimodal emotion recognition from datasets, preprocessing, features, and fusion methods},
  journal  = {Neurocomputing},
  volume   = {561},
  pages    = {126866},
  year     = {2023},
  issn     = {0925-2312},
  doi      = {https://doi.org/10.1016/j.neucom.2023.126866},
  url      = {https://www.sciencedirect.com/science/article/pii/S092523122300989X},
  author   = {Bei Pan and Kaoru Hirota and Zhiyang Jia and Yaping Dai},
  keywords = {Emotion recognition, Multimodal information fusion, Feature learning, Classifier}
}

@article{unimodal-to-multimodal,
  title    = {Emotion recognition from unimodal to multimodal analysis: A review},
  journal  = {Information Fusion},
  volume   = {99},
  pages    = {101847},
  year     = {2023},
  issn     = {1566-2535},
  doi      = {https://doi.org/10.1016/j.inffus.2023.101847},
  url      = {https://www.sciencedirect.com/science/article/pii/S156625352300163X},
  author   = {K. Ezzameli and H. Mahersia},
  keywords = {Affective computing, Deep learning, Emotion recognition, Fusion, Modality, Multimodality}
}

@article{basic-emotions,
  title    = {Emotion recognition using multi-modal data and machine learning techniques: A tutorial and review},
  journal  = {Information Fusion},
  volume   = {59},
  pages    = {103-126},
  year     = {2020},
  issn     = {1566-2535},
  doi      = {https://doi.org/10.1016/j.inffus.2020.01.011},
  url      = {https://www.sciencedirect.com/science/article/pii/S1566253519302532},
  author   = {Jianhua Zhang and Zhong Yin and Peng Chen and Stefano Nichele},
  keywords = {Emotion recognition, Affective computing, Physiological signals, Feature dimensionality reduction, Data fusion, Machine learning, Deep learning}
}